@article{courtemanche98,
author = {Courtemanche, Marc and Ramirez, Rafael J and Nattel, Stanley},
journal = {Am J Physiol},
number = {1 Pt 2},
pages = {1522--1539},
title = {Ionic mechanisms underlying human atrial action potential properties: insights from a mathematical model},
volume = {275},
year = {1998}
}

@book{schmidt10a,
address = {Heidelberg},
author = {Schmidt, Robert F. and Lang, Florian},
doi = {10.1007/978-3-540-32910-7},
editor = {Schmidt, R F and Lang, F and Heckmann, M},
isbn = {978-3-540-32908-4},
pages = {1030},
publisher = {Springer},
title = {Physiologie des {M}enschen - mit {P}athophysiologie},
url = {http://www.springer.com/us/book/9783642016509},
year = {2007}
}

@online{EKGO,
  title = {EKG-Online},
  howpublished = {\url{http://www.grundkurs-ekg.de/}},
}

@online{wiki_platonic,
  title = {Platonic solids},
  howpublished = {\url{https://en.wikipedia.org/wiki/Platonic_solid/}},
  note = "[Online; accessed 1-February-2021]"
}


@online{intel_processor,
  title = {Intel Core i9-10900X X-series Processor},
  howpublished = {\url{https://ark.intel.com/content/www/us/en/ark/products/198019/intel-core-i9-10900x-x-series-processor-19-25m-cache-3-70-ghz.html}},
  note = "[Online; accessed 20-February-2021]"
}


@online{gpu_stats,
  title = {GeForce RTX 3090},
  howpublished = {\url{https://www.nvidia.com/de-de/geforce/graphics-cards/30-series/rtx-3090/
}},
  note = "[Online; accessed 20-February-2021]"
}



  @misc{cuda_indexing,
    author = "{NVIDIA}",
    title = "CUDA C/C++ Basics",
    year = "2011",
    howpublished = "\url{https://www.nvidia.com/docs/IO/116711/sc11-cuda-c-basics.pdf}",
    note = "[Online; accessed 20-February-2021]"
  }



  @misc{cuda_indexing_guide,
    author = "{Anuradha Karunarathna}",
    title = "CUDA Thread Indexing",
    year = "2020",
    howpublished = "\url{https://blog.usejournal.com/cuda-thread-indexing-fb9910cba084}",
    note = "[Online; accessed 20-February-2021]"
  }

  @misc{mayo-clinic,
    author = "{Mayo Foundation for Medical Education and Research (MFMER)}",
    title = "Breast anatomy",
    year = "2020",
    howpublished = "\url{https://www.mayoclinic.org/breast-anatomy/img-20007078}",
    note = "[Online; accessed 1-January-2021]"
  }




  @misc{nvid_whitepaper,
    author = "{NVIDIA}",
    title = "Whitepaper - NVIDIAâ€™s Next Generation  CUDATM Compute Architecture: Fermi",
    year = "2020",
    howpublished = "\url{https://www.nvidia.com/content/PDF/fermi_white_papers/NVIDIA_Fermi_Compute_Architecture_Whitepaper.pdf}",
    note = "[Online; accessed 1-January-2021]"
  }
  
  
  
  
  
  
    @misc{brestcancer_stages,
    author = "{Breastcancer.org}",
    title = "Breast Cancer Stages",
    year = "2020",
    howpublished = "\url{https://www.breastcancer.org/symptoms/diagnosis/staging#stage0}",
    note = "[Online; accessed 1-January-2021]"
  }

@book{lambert1892lamberts,
  title={Lamberts Photometrie: Photometria, sive De mensura et gradibus luminus, colorum et umbrae (1760)},
  author={Lambert, Johann Heinrich},
  volume={6},
  year={1892},
  publisher={W. Engelmann}
}

    @misc{illum_Phong,
    author = "{Han-Wei Shen - Ohio State University}",
    title = "CSE 681-Illumination and Phong Shading",
    year = "2012",
    howpublished = "\url{https://web.cse.ohio-state.edu/~shen.94/681/Site/Slides.html}",
    note = "[Online; accessed 7-January-2021]"
  }
  
  
