@inproceedings{Kretzek2015EvaluationTomography,
    title = {{Evaluation of directional reflectivity characteristics as new modality for 3D Ultrasound Computer Tomography}},
    year = {2015},
    booktitle = {2015 IEEE International Ultrasonics Symposium, IUS 2015},
    author = {Kretzek, Ernst and Hucker, Patrick and Zapf, Michael and Ruiter, Nicole V.},
    month = {11},
    publisher = {Institute of Electrical and Electronics Engineers Inc.},
    isbn = {9781479981823},
    doi = {10.1109/ULTSYM.2015.0182}
}